01REMESSA01COBRANCA       00000018053139000169MELO COMERCIO                 237BANCO          140126        MX0000163                                                                                                                                                                                                                                                                                     000001
1021805313900016900320 4 000000000338700000000000000000004578700000004578708                                     060NF222377C21122500000003989530000000001N250407000000000000000000000000000000000000000000000000000000000000000203600835000170                                                                                            69470000                                                            000002
1021805313900016900320 4 000000010208300000000000000000004578740000004578740                                     060NF222381B21122500000003989530000000001N250407000000000000000000000000000000000000000000000000000000000000000209057718000784                                                                                            69035090                                                            000003
1021805313900016900320 4 000000000338700000000000000000004580200000004580206                                     060NF222459A21122500000003989530000000001N260407000000000000000000000000000000000000000000000000000000000000000204346078000113                                                                                            69400000                                                            000004
1021805313900016900661 0 000000000000000000000000000001017284700001017284700                                     01NF001701768A15102500000000032230000000001N311269000000000000000000000000000000000000000000000000000000000000000200525528000184                                                                                            69079020                                                            000005
1021805313900016900661 0 000000000000000000000000000001017284680001017284688                                     01NF001701769A17102500000000026640000000001N311269000000000000000000000000000000000000000000000000000000000000000200525528000184                                                                                            69079020                                                            000006
1021805313900016900661 0 000000000000000000000000000001017285410001017285412                                     01NF001701782A17102500000000010950000000001N311269000000000000000000000000000000000000000000000000000000000000000200525528000184                                                                                            69079020                                                            000007
1021805313900016900661 0 000000000000000000000000000001017285420001017285420                                     01NF001701782B01112500000000010950000000001N311269000000000000000000000000000000000000000000000000000000000000000200525528000184                                                                                            69079020                                                            000008
1021805313900016900661 0 000000000000000000000000000001017284730001017284734                                     01NF001701784A09112500000000021900000000001N311269000000000000000000000000000000000000000000000000000000000000000200525528000184                                                                                            69079020                                                            000009
1021805313900016900661 0 000000000000000000000000000001017285350001017285358                                     01NF001701784A09112500000000021900000000001N311269000000000000000000000000000000000000000000000000000000000000000200525528000184                                                                                            69079020                                                            000010
1021805313900016900661 0 000000000000000000000000000001017284710001017284718                                     01NF001701768B14112500000000032230000000001N311269000000000000000000000000000000000000000000000000000000000000000200525528000184                                                                                            69079020                                                            000011
1021805313900016900661 0 000000000000000000000000000001017285430001017285439                                     01NF001701782C16112500000000010950000000001N311269000000000000000000000000000000000000000000000000000000000000000200525528000184                                                                                            69079020                                                            000012
1021805313900016900661 0 000000000000000000000000000001017284690001017284696                                     01NF001701769B17112500000000026640000000001N311269000000000000000000000000000000000000000000000000000000000000000200525528000184                                                                                            69079020                                                            000013
1021805313900016900661 0 000000000000000000000000000001017284590001017284599                                     01NF001701772A21112500000003989530000000001N311269000000000000000000000000000000000000000000000000000000000000000200525528000184                                                                                            69079020                                                            000014
1021805313900016900661 0 000000000000000000000000000001017284620001017284629                                     01NF001701772A21112500000003989530000000001N311269000000000000000000000000000000000000000000000000000000000000000200525528000184                                                                                            69079020                                                            000015
1021805313900016900661 0 000000000000000000000000000001017284650001017284653                                     01NF001701772A21112500000003989530000000001N311269000000000000000000000000000000000000000000000000000000000000000200525528000184                                                                                            69079020                                                            000016
1021805313900016900661 0 000000000000000000000000000001017284770001017284777                                     01NF001701772A21112500000003989530000000001N311269000000000000000000000000000000000000000000000000000000000000000200525528000184                                                                                            69079020                                                            000017
1021805313900016900661 0 000000000000000000000000000001017284800001017284807                                     01NF001701772A21112500000003989530000000001N311269000000000000000000000000000000000000000000000000000000000000000200525528000184                                                                                            69079020                                                            000018
1021805313900016900661 0 000000000000000000000000000001017284830001017284831                                     01NF001701772A21112500000003989530000000001N311269000000000000000000000000000000000000000000000000000000000000000200525528000184                                                                                            69079020                                                            000019
1021805313900016900661 0 000000000000000000000000000001017284860001017284866                                     01NF001701772A21112500000003989530000000001N311269000000000000000000000000000000000000000000000000000000000000000200525528000184                                                                                            69079020                                                            000020
1021805313900016900661 0 000000000000000000000000000001017284890001017284890                                     01NF001701772A21112500000003989530000000001N311269000000000000000000000000000000000000000000000000000000000000000200525528000184                                                                                            69079020                                                            000021
1021805313900016900661 0 000000000000000000000000000001017284920001017284920                                     01NF001701772A21112500000003989530000000001N311269000000000000000000000000000000000000000000000000000000000000000200525528000184                                                                                            69079020                                                            000022
1021805313900016900661 0 000000000000000000000000000001017284950001017284955                                     01NF001701772A21112500000003989530000000001N311269000000000000000000000000000000000000000000000000000000000000000200525528000184                                                                                            69079020                                                            000023
1021805313900016900661 0 000000000000000000000000000001017284980001017284980                                     01NF001701772A21112500000003989530000000001N311269000000000000000000000000000000000000000000000000000000000000000200525528000184                                                                                            69079020                                                            000024
1021805313900016900661 0 000000000000000000000000000001017285010001017285013                                     01NF001701772A21112500000003989530000000001N311269000000000000000000000000000000000000000000000000000000000000000200525528000184                                                                                            69079020                                                            000025
1021805313900016900661 0 000000000000000000000000000001017285040001017285048                                     01NF001701772A21112500000003989530000000001N311269000000000000000000000000000000000000000000000000000000000000000200525528000184                                                                                            69079020                                                            000026
1021805313900016900661 0 000000000000000000000000000001017285070001017285072                                     01NF001701772A21112500000003989530000000001N311269000000000000000000000000000000000000000000000000000000000000000200525528000184                                                                                            69079020                                                            000027
1021805313900016900661 0 000000000000000000000000000001017285380001017285382                                     01NF001701772A21112500000003989530000000001N311269000000000000000000000000000000000000000000000000000000000000000200525528000184                                                                                            69079020                                                            000028
1021805313900016900661 0 000000000000000000000000000001017285470001017285471                                     01NF001701772A21112500000003989530000000001N311269000000000000000000000000000000000000000000000000000000000000000200525528000184                                                                                            69079020                                                            000029
1021805313900016900661 0 000000000000000000000000000001017285500001017285501                                     01NF001701772A21112500000003989530000000001N311269000000000000000000000000000000000000000000000000000000000000000200525528000184                                                                                            69079020                                                            000030
1021805313900016900661 0 000000000000000000000000000001017285530001017285536                                     01NF001701772A21112500000003989530000000001N311269000000000000000000000000000000000000000000000000000000000000000200525528000184                                                                                            69079020                                                            000031
1021805313900016900661 0 000000000000000000000000000001017285560001017285560                                     01NF001701772A21112500000003989530000000001N311269000000000000000000000000000000000000000000000000000000000000000200525528000184                                                                                            69079020                                                            000032
1021805313900016900661 0 000000000000000000000000000001017285590001017285595                                     01NF001701772A21112500000003989530000000001N311269000000000000000000000000000000000000000000000000000000000000000200525528000184                                                                                            69079020                                                            000033
1021805313900016900661 0 000000000000000000000000000001017285620001017285625                                     01NF001701772A21112500000003989530000000001N311269000000000000000000000000000000000000000000000000000000000000000200525528000184                                                                                            69079020                                                            000034
1021805313900016900661 0 000000000000000000000000000001017285680001017285684                                     01NF001701772A21112500000003989530000000001N311269000000000000000000000000000000000000000000000000000000000000000200525528000184                                                                                            69079020                                                            000035
1021805313900016900661 0 000000000000000000000000000001017285710001017285714                                     01NF001701772A21112500000003989530000000001N311269000000000000000000000000000000000000000000000000000000000000000200525528000184                                                                                            69079020                                                            000036
1021805313900016900661 0 000000000000000000000000000001017285830001017285838                                     01NF001701772A21112500000003989530000000001N311269000000000000000000000000000000000000000000000000000000000000000200525528000184                                                                                            69079020                                                            000037
1021805313900016900661 0 000000000000000000000000000001017285880001017285889                                     01NF001701772A21112500000003989530000000001N311269000000000000000000000000000000000000000000000000000000000000000200525528000184                                                                                            69079020                                                            000038
1021805313900016900661 0 000000000000000000000000000001017286000001017286001                                     01NF001701772A21112500000003989530000000001N311269000000000000000000000000000000000000000000000000000000000000000200525528000184                                                                                            69079020                                                            000039
1021805313900016900661 0 000000000000000000000000000001017286120001017286125                                     01NF001701772A21112500000003989530000000001N311269000000000000000000000000000000000000000000000000000000000000000200525528000184                                                                                            69079020                                                            000040
1021805313900016900661 0 000000000000000000000000000001017286150001017286150                                     01NF001701772A21112500000003989530000000001N311269000000000000000000000000000000000000000000000000000000000000000200525528000184                                                                                            69079020                                                            000041
1021805313900016900661 0 000000000000000000000000000001017286180001017286184                                     01NF001701772A21112500000003989530000000001N311269000000000000000000000000000000000000000000000000000000000000000200525528000184                                                                                            69079020                                                            000042
1021805313900016900661 0 000000000000000000000000000001017286240001017286249                                     01NF001701772A21112500000003989530000000001N311269000000000000000000000000000000000000000000000000000000000000000200525528000184                                                                                            69079020                                                            000043
1021805313900016900661 0 000000000000000000000000000001017284600001017284602                                     01NF001701772B22112500000003989530000000001N311269000000000000000000000000000000000000000000000000000000000000000200525528000184                                                                                            69079020                                                            000044
1021805313900016900661 0 000000000000000000000000000001017284630001017284637                                     01NF001701772B22112500000003989530000000001N311269000000000000000000000000000000000000000000000000000000000000000200525528000184                                                                                            69079020                                                            000045
1021805313900016900661 0 000000000000000000000000000001017284660001017284661                                     01NF001701772B22112500000003989530000000001N311269000000000000000000000000000000000000000000000000000000000000000200525528000184                                                                                            69079020                                                            000046
1021805313900016900661 0 000000000000000000000000000001017284780001017284785                                     01NF001701772B22112500000003989530000000001N311269000000000000000000000000000000000000000000000000000000000000000200525528000184                                                                                            69079020                                                            000047
1021805313900016900661 0 000000000000000000000000000001017284810001017284815                                     01NF001701772B22112500000003989530000000001N311269000000000000000000000000000000000000000000000000000000000000000200525528000184                                                                                            69079020                                                            000048
1021805313900016900661 0 000000000000000000000000000001017284840001017284840                                     01NF001701772B22112500000003989530000000001N311269000000000000000000000000000000000000000000000000000000000000000200525528000184                                                                                            69079020                                                            000049
1021805313900016900661 0 000000000000000000000000000001017284870001017284874                                     01NF001701772B22112500000003989530000000001N311269000000000000000000000000000000000000000000000000000000000000000200525528000184                                                                                            69079020                                                            000050
1021805313900016900661 0 000000000000000000000000000001017284900001017284904                                     01NF001701772B22112500000003989530000000001N311269000000000000000000000000000000000000000000000000000000000000000200525528000184                                                                                            69079020                                                            000051
1021805313900016900661 0 000000000000000000000000000001017284930001017284939                                     01NF001701772B22112500000003989530000000001N311269000000000000000000000000000000000000000000000000000000000000000200525528000184                                                                                            69079020                                                            000052
1021805313900016900661 0 000000000000000000000000000001017284960001017284963                                     01NF001701772B22112500000003989530000000001N311269000000000000000000000000000000000000000000000000000000000000000200525528000184                                                                                            69079020                                                            000053
1021805313900016900661 0 000000000000000000000000000001017284990001017284998                                     01NF001701772B22112500000003989530000000001N311269000000000000000000000000000000000000000000000000000000000000000200525528000184                                                                                            69079020                                                            000054
1021805313900016900661 0 000000000000000000000000000001017285020001017285021                                     01NF001701772B22112500000003989530000000001N311269000000000000000000000000000000000000000000000000000000000000000200525528000184                                                                                            69079020                                                            000055
1021805313900016900661 0 000000000000000000000000000001017285050001017285056                                     01NF001701772B22112500000003989530000000001N311269000000000000000000000000000000000000000000000000000000000000000200525528000184                                                                                            69079020                                                            000056
1021805313900016900661 0 000000000000000000000000000001017285080001017285080                                     01NF001701772B22112500000003989530000000001N311269000000000000000000000000000000000000000000000000000000000000000200525528000184                                                                                            69079020                                                            000057
1021805313900016900661 0 000000000000000000000000000001017285390001017285390                                     01NF001701772B22112500000003989530000000001N311269000000000000000000000000000000000000000000000000000000000000000200525528000184                                                                                            69079020                                                            000058
1021805313900016900661 0 000000000000000000000000000001017285480001017285480                                     01NF001701772B22112500000003989530000000001N311269000000000000000000000000000000000000000000000000000000000000000200525528000184                                                                                            69079020                                                            000059
1021805313900016900661 0 000000000000000000000000000001017285510001017285510                                     01NF001701772B22112500000003989530000000001N311269000000000000000000000000000000000000000000000000000000000000000200525528000184                                                                                            69079020                                                            000060
1021805313900016900661 0 000000000000000000000000000001017285540001017285544                                     01NF001701772B22112500000003989530000000001N311269000000000000000000000000000000000000000000000000000000000000000200525528000184                                                                                            69079020                                                            000061
1021805313900016900661 0 000000000000000000000000000001017285570001017285579                                     01NF001701772B22112500000003989530000000001N311269000000000000000000000000000000000000000000000000000000000000000200525528000184                                                                                            69079020                                                            000062
1021805313900016900661 0 000000000000000000000000000001017285600001017285609                                     01NF001701772B22112500000003989530000000001N311269000000000000000000000000000000000000000000000000000000000000000200525528000184                                                                                            69079020                                                            000063
1021805313900016900661 0 000000000000000000000000000001017285630001017285633                                     01NF001701772B22112500000003989530000000001N311269000000000000000000000000000000000000000000000000000000000000000200525528000184                                                                                            69079020                                                            000064
1021805313900016900661 0 000000000000000000000000000001017285690001017285692                                     01NF001701772B22112500000003989530000000001N311269000000000000000000000000000000000000000000000000000000000000000200525528000184                                                                                            69079020                                                            000065
1021805313900016900661 0 000000000000000000000000000001017285720001017285722                                     01NF001701772B22112500000003989530000000001N311269000000000000000000000000000000000000000000000000000000000000000200525528000184                                                                                            69079020                                                            000066
1021805313900016900661 0 000000000000000000000000000001017285840001017285846                                     01NF001701772B22112500000003989530000000001N311269000000000000000000000000000000000000000000000000000000000000000200525528000184                                                                                            69079020                                                            000067
1021805313900016900661 0 000000000000000000000000000001017285890001017285897                                     01NF001701772B22112500000003989530000000001N311269000000000000000000000000000000000000000000000000000000000000000200525528000184                                                                                            69079020                                                            000068
1021805313900016900661 0 000000000000000000000000000001017286010001017286010                                     01NF001701772B22112500000003989530000000001N311269000000000000000000000000000000000000000000000000000000000000000200525528000184                                                                                            69079020                                                            000069
1021805313900016900661 0 000000000000000000000000000001017286130001017286133                                     01NF001701772B22112500000003989530000000001N311269000000000000000000000000000000000000000000000000000000000000000200525528000184                                                                                            69079020                                                            000070
1021805313900016900661 0 000000000000000000000000000001017286160001017286168                                     01NF001701772B22112500000003989530000000001N311269000000000000000000000000000000000000000000000000000000000000000200525528000184                                                                                            69079020                                                            000071
1021805313900016900661 0 000000000000000000000000000001017286190001017286192                                     01NF001701772B22112500000003989530000000001N311269000000000000000000000000000000000000000000000000000000000000000200525528000184                                                                                            69079020                                                            000072
1021805313900016900661 0 000000000000000000000000000001017286250001017286257                                     01NF001701772B22112500000003989530000000001N311269000000000000000000000000000000000000000000000000000000000000000200525528000184                                                                                            69079020                                                            000073
1021805313900016900661 0 000000000000000000000000000001017285440001017285447                                     01NF001701782D01122500000000010950000000001N311269000000000000000000000000000000000000000000000000000000000000000200525528000184                                                                                            69079020                                                            000074
1021805313900016900661 0 000000000000000000000000000001017284740001017284742                                     01NF001701784B06122500000000021900000000001N311269000000000000000000000000000000000000000000000000000000000000000200525528000184                                                                                            69079020                                                            000075
1021805313900016900661 0 000000000000000000000000000001017285360001017285366                                     01NF001701784B06122500000000021900000000001N311269000000000000000000000000000000000000000000000000000000000000000200525528000184                                                                                            69079020                                                            000076
1021805313900016900661 0 000000000000000000000000000001017284720001017284726                                     01NF001701768C15122500000000032230000000001N311269000000000000000000000000000000000000000000000000000000000000000200525528000184                                                                                            69079020                                                            000077
1021805313900016900661 0 000000000000000000000000000001017285450001017285455                                     01NF001701782E16122500000000010950000000001N311269000000000000000000000000000000000000000000000000000000000000000200525528000184                                                                                            69079020                                                            000078
1021805313900016900661 0 000000000000000000000000000001017284580001017284580                                     01NF001701772C20122500000003989530000000001N311269000000000000000000000000000000000000000000000000000000000000000200525528000184                                                                                            69079020                                                            000079
1021805313900016900661 0 000000000000000000000000000001017284610001017284610                                     01NF001701772C20122500000003989530000000001N311269000000000000000000000000000000000000000000000000000000000000000200525528000184                                                                                            69079020                                                            000080
1021805313900016900661 0 000000000000000000000000000001017284640001017284645                                     01NF001701772C20122500000003989530000000001N311269000000000000000000000000000000000000000000000000000000000000000200525528000184                                                                                            69079020                                                            000081
1021805313900016900661 0 000000000000000000000000000001017284670001017284670                                     01NF001701772C20122500000003989530000000001N311269000000000000000000000000000000000000000000000000000000000000000200525528000184                                                                                            69079020                                                            000082
1021805313900016900661 0 000000000000000000000000000001017284750001017284750                                     01NF001701784C20122500000000021900000000001N311269000000000000000000000000000000000000000000000000000000000000000200525528000184                                                                                            69079020                                                            000083
1021805313900016900661 0 000000000000000000000000000001017284790001017284793                                     01NF001701772C20122500000003989530000000001N311269000000000000000000000000000000000000000000000000000000000000000200525528000184                                                                                            69079020                                                            000084
1021805313900016900661 0 000000000000000000000000000001017284820001017284823                                     01NF001701772C20122500000003989530000000001N311269000000000000000000000000000000000000000000000000000000000000000200525528000184                                                                                            69079020                                                            000085
1021805313900016900661 0 000000000000000000000000000001017284850001017284858                                     01NF001701772C20122500000003989530000000001N311269000000000000000000000000000000000000000000000000000000000000000200525528000184                                                                                            69079020                                                            000086
1021805313900016900661 0 000000000000000000000000000001017284880001017284882                                     01NF001701772C20122500000003989530000000001N311269000000000000000000000000000000000000000000000000000000000000000200525528000184                                                                                            69079020                                                            000087
1021805313900016900661 0 000000000000000000000000000001017284910001017284912                                     01NF001701772C20122500000003989530000000001N311269000000000000000000000000000000000000000000000000000000000000000200525528000184                                                                                            69079020                                                            000088
1021805313900016900661 0 000000000000000000000000000001017284940001017284947                                     01NF001701772C20122500000003989530000000001N311269000000000000000000000000000000000000000000000000000000000000000200525528000184                                                                                            69079020                                                            000089
1021805313900016900661 0 000000000000000000000000000001017284970001017284971                                     01NF001701772C20122500000003989530000000001N311269000000000000000000000000000000000000000000000000000000000000000200525528000184                                                                                            69079020                                                            000090
1021805313900016900661 0 000000000000000000000000000001017285000001017285005                                     01NF001701772C20122500000003989530000000001N311269000000000000000000000000000000000000000000000000000000000000000200525528000184                                                                                            69079020                                                            000091
1021805313900016900661 0 000000000000000000000000000001017285030001017285030                                     01NF001701772C20122500000003989530000000001N311269000000000000000000000000000000000000000000000000000000000000000200525528000184                                                                                            69079020                                                            000092
1021805313900016900661 0 000000000000000000000000000001017285060001017285064                                     01NF001701772C20122500000003989530000000001N311269000000000000000000000000000000000000000000000000000000000000000200525528000184                                                                                            69079020                                                            000093
1021805313900016900661 0 000000000000000000000000000001017285090001017285099                                     01NF001701772C20122500000003989530000000001N311269000000000000000000000000000000000000000000000000000000000000000200525528000184                                                                                            69079020                                                            000094
1021805313900016900661 0 000000000000000000000000000001017285370001017285374                                     01NF001701784C20122500000000021900000000001N311269000000000000000000000000000000000000000000000000000000000000000200525528000184                                                                                            69079020                                                            000095
1021805313900016900661 0 000000000000000000000000000001017285400001017285404                                     01NF001701772C20122500000003989530000000001N311269000000000000000000000000000000000000000000000000000000000000000200525528000184                                                                                            69079020                                                            000096
1021805313900016900661 0 000000000000000000000000000001017285490001017285498                                     01NF001701772C20122500000003989530000000001N311269000000000000000000000000000000000000000000000000000000000000000200525528000184                                                                                            69079020                                                            000097
1021805313900016900661 0 000000000000000000000000000001017285520001017285528                                     01NF001701772C20122500000003989530000000001N311269000000000000000000000000000000000000000000000000000000000000000200525528000184                                                                                            69079020                                                            000098
1021805313900016900661 0 000000000000000000000000000001017285550001017285552                                     01NF001701772C20122500000003989530000000001N311269000000000000000000000000000000000000000000000000000000000000000200525528000184                                                                                            69079020                                                            000099
1021805313900016900661 0 000000000000000000000000000001017285580001017285587                                     01NF001701772C20122500000003989530000000001N311269000000000000000000000000000000000000000000000000000000000000000200525528000184                                                                                            69079020                                                            000100
1021805313900016900661 0 000000000000000000000000000001017285610001017285617                                     01NF001701772C20122500000003989530000000001N311269000000000000000000000000000000000000000000000000000000000000000200525528000184                                                                                            69079020                                                            000101
1021805313900016900661 0 000000000000000000000000000001017285640001017285641                                     01NF001701772C20122500000003989530000000001N311269000000000000000000000000000000000000000000000000000000000000000200525528000184                                                                                            69079020                                                            000102
1021805313900016900661 0 000000000000000000000000000001017285700001017285706                                     01NF001701772C20122500000003989530000000001N311269000000000000000000000000000000000000000000000000000000000000000200525528000184                                                                                            69079020                                                            000103
1021805313900016900661 0 000000000000000000000000000001017285730001017285730                                     01NF001701772C20122500000003989530000000001N311269000000000000000000000000000000000000000000000000000000000000000200525528000184                                                                                            69079020                                                            000104
1021805313900016900661 0 000000000000000000000000000001017285850001017285854                                     01NF001701772C20122500000003989530000000001N311269000000000000000000000000000000000000000000000000000000000000000200525528000184                                                                                            69079020                                                            000105
1021805313900016900661 0 000000000000000000000000000001017285900001017285900                                     01NF001701772C20122500000003989530000000001N311269000000000000000000000000000000000000000000000000000000000000000200525528000184                                                                                            69079020                                                            000106
1021805313900016900661 0 000000000000000000000000000001017286020001017286028                                     01NF001701772C20122500000003989530000000001N311269000000000000000000000000000000000000000000000000000000000000000200525528000184                                                                                            69079020                                                            000107
1021805313900016900661 0 000000000000000000000000000001017286140001017286141                                     01NF001701772C20122500000003989530000000001N311269000000000000000000000000000000000000000000000000000000000000000200525528000184                                                                                            69079020                                                            000108
1021805313900016900661 0 000000000000000000000000000001017286170001017286176                                     01NF001701772C20122500000003989530000000001N311269000000000000000000000000000000000000000000000000000000000000000200525528000184                                                                                            69079020                                                            000109
1021805313900016900661 0 000000000000000000000000000001017286200001017286206                                     01NF001701772C20122500000003989530000000001N311269000000000000000000000000000000000000000000000000000000000000000200525528000184                                                                                            69079020                                                            000110
1021805313900016900661 0 000000000000000000000000000001017286260001017286265                                     01NF001701772C20122500000003989530000000001N311269000000000000000000000000000000000000000000000000000000000000000200525528000184                                                                                            69079020                                                            000111
1021805313900016900320 4 000000000000000000000000000001017284160001017284165                                     01000170183521122500000003989530000000001N311269000000000000000000000000000000000000000000000000000000000000000200525528000184                                                                                            69079020                                                            000112
1021805313900016900320 4 000000000000000000000000000001017284200001017284203                                     01000170183621122500000003989530000000001N311269000000000000000000000000000000000000000000000000000000000000000200525528000184                                                                                            69079020                                                            000113
1021805313900016900320 4 000000000000000000000000000001017284440001017284440                                     01000170193221122500000003989530000000001N311269000000000000000000000000000000000000000000000000000000000000000200525528000184                                                                                            69079020                                                            000114
1021805313900016900661 0 000000000000000000000000000001017282310001017282316                                     01NF001701778C29122500000000021750000000001N311269000000000000000000000000000000000000000000000000000000000000000200525528000184                                                                                            69079020                                                            000115
1021805313900016900661 0 000000000000000000000000000001017282340001017282340                                     01NF001701778C29122500000000021750000000001N311269000000000000000000000000000000000000000000000000000000000000000200525528000184                                                                                            69079020                                                            000116
1021805313900016900661 0 000000000000000000000000000001017282370001017282375                                     01NF001701778C29122500000000021750000000001N311269000000000000000000000000000000000000000000000000000000000000000200525528000184                                                                                            69079020                                                            000117
1021805313900016900661 0 000000000000000000000000000001017282400001017282405                                     01NF001701779C29122500000000018830000000001N311269000000000000000000000000000000000000000000000000000000000000000200525528000184                                                                                            69079020                                                            000118
1021805313900016900661 0 000000000000000000000000000001017282440001017282448                                     01NF001701779C29122500000000018830000000001N311269000000000000000000000000000000000000000000000000000000000000000200525528000184                                                                                            69079020                                                            000119
1021805313900016900661 0 000000000000000000000000000001017283220001017283223                                     01NF001701782F31122500000000010950000000001N311269000000000000000000000000000000000000000000000000000000000000000200525528000184                                                                                            69079020                                                            000120
1021805313900016900661 0 000000000000000000000000000001017285460001017285463                                     01NF001701782F31122500000000010950000000001N311269000000000000000000000000000000000000000000000000000000000000000200525528000184                                                                                            69079020                                                            000121
1021805313900016900320 4 000000000000000000000000000001017285200001017285200                                     010000004/0107012600000000015000000000001N070126000000000000000000000000000000000000000000000000000000000000000245543915010063                                                                                            69050010                                                            000122
1021805313900016900661 0 000000000000000000000000000001017285260001017285269                                     01NF001701791A08012600000000063800000000001N311269000000000000000000000000000000000000000000000000000000000000000268066828000186                                                                                            18800000                                                            000123
1021805313900016900661 0 000000000000000000000000000001017285290001017285293                                     01NF001701792A08012600000000206340000000001N311269000000000000000000000000000000000000000000000000000000000000000268066828000186                                                                                            18800000                                                            000124
1021805313900016900661 0 000000000000000000000000000001017285300001017285307                                     01NF001701792A08012600000000206340000000001N311269000000000000000000000000000000000000000000000000000000000000000268066828000186                                                                                            18800000                                                            000125
1021805313900016900661 0 000000000000000000000000000001017285310001017285315                                     01NF001701792A08012600000000206340000000001N311269000000000000000000000000000000000000000000000000000000000000000268066828000186                                                                                            18800000                                                            000126
1021805313900016900661 0 000000000000000000000000000001017285320001017285323                                     01NF001701792A08012600000000206340000000001N311269000000000000000000000000000000000000000000000000000000000000000268066828000186                                                                                            18800000                                                            000127
9                                                                                                                                                                                                                                                                                                                                                                                                         000128