01REMESSA01COBRANCA       00000018053139000169MELO COMERCIO                 237BANCO          221225        MX0000165                                                                                                                                                                                                                                                                                     000001
1021805313900016900661 0 000000000000000000000000000001017280360001017280364                                     01NF001701772C22122500000003989530000000001N311269000000000000000000000000000000000000000000000000000000000000000200525528000184                                                                                            69079020                                                            000002
1021805313900016900661 0 000000000000000000000000000001017280390001017280399                                     01NF001701772C22122500000003989530000000001N311269000000000000000000000000000000000000000000000000000000000000000200525528000184                                                                                            69079020                                                            000003
1021805313900016900661 0 000000000000000000000000000001017280420001017280429                                     01NF001701772C22122500000003989530000000001N311269000000000000000000000000000000000000000000000000000000000000000200525528000184                                                                                            69079020                                                            000004
1021805313900016900661 0 000000000000000000000000000001017280450001017280453                                     01NF001701772C22122500000003989530000000001N311269000000000000000000000000000000000000000000000000000000000000000200525528000184                                                                                            69079020                                                            000005
1021805313900016900661 0 000000000000000000000000000001017280480001017280488                                     01NF001701772C22122500000003989530000000001N311269000000000000000000000000000000000000000000000000000000000000000200525528000184                                                                                            69079020                                                            000006
1021805313900016900661 0 000000000000000000000000000001017280510001017280518                                     01NF001701772C22122500000003989530000000001N311269000000000000000000000000000000000000000000000000000000000000000200525528000184                                                                                            69079020                                                            000007
1021805313900016900661 0 000000000000000000000000000001017280540001017280542                                     01NF001701772C22122500000003989530000000001N311269000000000000000000000000000000000000000000000000000000000000000200525528000184                                                                                            69079020                                                            000008
1021805313900016900661 0 000000000000000000000000000001017280570001017280577                                     01NF001701772C22122500000003989530000000001N311269000000000000000000000000000000000000000000000000000000000000000200525528000184                                                                                            69079020                                                            000009
1021805313900016900661 0 000000000000000000000000000001017280600001017280607                                     01NF001701772C22122500000003989530000000001N311269000000000000000000000000000000000000000000000000000000000000000200525528000184                                                                                            69079020                                                            000010
1021805313900016900661 0 000000000000000000000000000001017280630001017280631                                     01NF001701772C22122500000003989530000000001N311269000000000000000000000000000000000000000000000000000000000000000200525528000184                                                                                            69079020                                                            000011
1021805313900016900661 0 000000000000000000000000000001017280660001017280666                                     01NF001701772C22122500000003989530000000001N311269000000000000000000000000000000000000000000000000000000000000000200525528000184                                                                                            69079020                                                            000012
1021805313900016900661 0 000000000000000000000000000001017280690001017280690                                     01NF001701772C22122500000003989530000000001N311269000000000000000000000000000000000000000000000000000000000000000200525528000184                                                                                            69079020                                                            000013
1021805313900016900661 0 000000000000000000000000000001017280720001017280720                                     01NF001701772C22122500000003989530000000001N311269000000000000000000000000000000000000000000000000000000000000000200525528000184                                                                                            69079020                                                            000014
1021805313900016900661 0 000000000000000000000000000001017280750001017280755                                     01NF001701772C22122500000003989530000000001N311269000000000000000000000000000000000000000000000000000000000000000200525528000184                                                                                            69079020                                                            000015
1021805313900016900661 0 000000000000000000000000000001017280780001017280780                                     01NF001701772C22122500000003989530000000001N311269000000000000000000000000000000000000000000000000000000000000000200525528000184                                                                                            69079020                                                            000016
1021805313900016900661 0 000000000000000000000000000001017280810001017280810                                     01NF001701772C22122500000003989530000000001N311269000000000000000000000000000000000000000000000000000000000000000200525528000184                                                                                            69079020                                                            000017
1021805313900016900661 0 000000000000000000000000000001017280840001017280844                                     01NF001701772C22122500000003989530000000001N311269000000000000000000000000000000000000000000000000000000000000000200525528000184                                                                                            69079020                                                            000018
1021805313900016900661 0 000000000000000000000000000001017280870001017280879                                     01NF001701772C22122500000003989530000000001N311269000000000000000000000000000000000000000000000000000000000000000200525528000184                                                                                            69079020                                                            000019
1021805313900016900661 0 000000000000000000000000000001017280900001017280909                                     01NF001701772C22122500000003989530000000001N311269000000000000000000000000000000000000000000000000000000000000000200525528000184                                                                                            69079020                                                            000020
1021805313900016900661 0 000000000000000000000000000001017280930001017280933                                     01NF001701772C22122500000003989530000000001N311269000000000000000000000000000000000000000000000000000000000000000200525528000184                                                                                            69079020                                                            000021
1021805313900016900661 0 000000000000000000000000000001017280960001017280968                                     01NF001701772C22122500000003989530000000001N311269000000000000000000000000000000000000000000000000000000000000000200525528000184                                                                                            69079020                                                            000022
1021805313900016900661 0 000000000000000000000000000001017280990001017280992                                     01NF001701772C22122500000003989530000000001N311269000000000000000000000000000000000000000000000000000000000000000200525528000184                                                                                            69079020                                                            000023
1021805313900016900661 0 000000000000000000000000000001017281020001017281026                                     01NF001701772C22122500000003989530000000001N311269000000000000000000000000000000000000000000000000000000000000000200525528000184                                                                                            69079020                                                            000024
1021805313900016900661 0 000000000000000000000000000001017281050001017281050                                     01NF001701772C22122500000003989530000000001N311269000000000000000000000000000000000000000000000000000000000000000200525528000184                                                                                            69079020                                                            000025
1021805313900016900661 0 000000000000000000000000000001017281080001017281085                                     01NF001701772C22122500000003989530000000001N311269000000000000000000000000000000000000000000000000000000000000000200525528000184                                                                                            69079020                                                            000026
1021805313900016900661 0 000000000000000000000000000001017281110001017281115                                     01NF001701772C22122500000003989530000000001N311269000000000000000000000000000000000000000000000000000000000000000200525528000184                                                                                            69079020                                                            000027
1021805313900016900661 0 000000000000000000000000000001017281140001017281140                                     01NF001701772C22122500000003989530000000001N311269000000000000000000000000000000000000000000000000000000000000000200525528000184                                                                                            69079020                                                            000028
1021805313900016900661 0 000000000000000000000000000001017281170001017281174                                     01NF001701772C22122500000003989530000000001N311269000000000000000000000000000000000000000000000000000000000000000200525528000184                                                                                            69079020                                                            000029
1021805313900016900661 0 000000000000000000000000000001017281200001017281204                                     01NF001701772C22122500000003989530000000001N311269000000000000000000000000000000000000000000000000000000000000000200525528000184                                                                                            69079020                                                            000030
1021805313900016900661 0 000000000000000000000000000001017281230001017281239                                     01NF001701772C22122500000003989530000000001N311269000000000000000000000000000000000000000000000000000000000000000200525528000184                                                                                            69079020                                                            000031
1021805313900016900661 0 000000000000000000000000000001017281260001017281263                                     01NF001701772C22122500000003989530000000001N311269000000000000000000000000000000000000000000000000000000000000000200525528000184                                                                                            69079020                                                            000032
1021805313900016900661 0 000000000000000000000000000001017281290001017281298                                     01NF001701772C22122500000003989530000000001N311269000000000000000000000000000000000000000000000000000000000000000200525528000184                                                                                            69079020                                                            000033
1021805313900016900661 0 000000000000000000000000000001017281320001017281328                                     01NF001701772C22122500000003989530000000001N311269000000000000000000000000000000000000000000000000000000000000000200525528000184                                                                                            69079020                                                            000034
1021805313900016900661 0 000000000000000000000000000001017281350001017281352                                     01NF001701772C22122500000003989530000000001N311269000000000000000000000000000000000000000000000000000000000000000200525528000184                                                                                            69079020                                                            000035
1021805313900016900661 0 000000000000000000000000000001017281380001017281387                                     01NF001701772C22122500000003989530000000001N311269000000000000000000000000000000000000000000000000000000000000000200525528000184                                                                                            69079020                                                            000036
1021805313900016900661 0 000000000000000000000000000001017281410001017281417                                     01NF001701772C22122500000003989530000000001N311269000000000000000000000000000000000000000000000000000000000000000200525528000184                                                                                            69079020                                                            000037
1021805313900016900661 0 000000000000000000000000000001017281440001017281441                                     01NF001701772C22122500000003989530000000001N311269000000000000000000000000000000000000000000000000000000000000000200525528000184                                                                                            69079020                                                            000038
1021805313900016900661 0 000000000000000000000000000001017281470001017281476                                     01NF001701772C22122500000003989530000000001N311269000000000000000000000000000000000000000000000000000000000000000200525528000184                                                                                            69079020                                                            000039
1021805313900016900661 0 000000000000000000000000000001017281500001017281506                                     01NF001701772C22122500000003989530000000001N311269000000000000000000000000000000000000000000000000000000000000000200525528000184                                                                                            69079020                                                            000040
1021805313900016900661 0 000000000000000000000000000001017281530001017281530                                     01NF001701772C22122500000003989530000000001N311269000000000000000000000000000000000000000000000000000000000000000200525528000184                                                                                            69079020                                                            000041
1021805313900016900661 0 000000000000000000000000000001017281560001017281565                                     01NF001701772C22122500000003989530000000001N311269000000000000000000000000000000000000000000000000000000000000000200525528000184                                                                                            69079020                                                            000042
1021805313900016900661 0 000000000000000000000000000001017281590001017281590                                     01NF001701772C22122500000003989530000000001N311269000000000000000000000000000000000000000000000000000000000000000200525528000184                                                                                            69079020                                                            000043
1021805313900016900661 0 000000000000000000000000000001017281620001017281620                                     01NF001701772C22122500000003989530000000001N311269000000000000000000000000000000000000000000000000000000000000000200525528000184                                                                                            69079020                                                            000044
1021805313900016900661 0 000000000000000000000000000001017281650001017281654                                     01NF001701772C22122500000003989530000000001N311269000000000000000000000000000000000000000000000000000000000000000200525528000184                                                                                            69079020                                                            000045
1021805313900016900661 0 000000000000000000000000000001017281680001017281689                                     01NF001701772C22122500000003989530000000001N311269000000000000000000000000000000000000000000000000000000000000000200525528000184                                                                                            69079020                                                            000046
1021805313900016900661 0 000000000000000000000000000001017281710001017281719                                     01NF001701772C22122500000003989530000000001N311269000000000000000000000000000000000000000000000000000000000000000200525528000184                                                                                            69079020                                                            000047
1021805313900016900661 0 000000000000000000000000000001017281740001017281743                                     01NF001701772C22122500000003989530000000001N311269000000000000000000000000000000000000000000000000000000000000000200525528000184                                                                                            69079020                                                            000048
1021805313900016900661 0 000000000000000000000000000001017281770001017281778                                     01NF001701772C22122500000003989530000000001N311269000000000000000000000000000000000000000000000000000000000000000200525528000184                                                                                            69079020                                                            000049
1021805313900016900661 0 000000000000000000000000000001017281800001017281808                                     01NF001701772C22122500000003989530000000001N311269000000000000000000000000000000000000000000000000000000000000000200525528000184                                                                                            69079020                                                            000050
1021805313900016900661 0 000000000000000000000000000001017281830001017281832                                     01NF001701772C22122500000003989530000000001N311269000000000000000000000000000000000000000000000000000000000000000200525528000184                                                                                            69079020                                                            000051
1021805313900016900661 0 000000000000000000000000000001017281860001017281867                                     01NF001701772C22122500000003989530000000001N311269000000000000000000000000000000000000000000000000000000000000000200525528000184                                                                                            69079020                                                            000052
1021805313900016900661 0 000000000000000000000000000001017281890001017281891                                     01NF001701772C22122500000003989530000000001N311269000000000000000000000000000000000000000000000000000000000000000200525528000184                                                                                            69079020                                                            000053
1021805313900016900661 0 000000000000000000000000000001017281920001017281921                                     01NF001701772C22122500000003989530000000001N311269000000000000000000000000000000000000000000000000000000000000000200525528000184                                                                                            69079020                                                            000054
1021805313900016900661 0 000000000000000000000000000001017281950001017281956                                     01NF001701772C22122500000003989530000000001N311269000000000000000000000000000000000000000000000000000000000000000200525528000184                                                                                            69079020                                                            000055
1021805313900016900661 0 000000000000000000000000000001017281980001017281980                                     01NF001701772C22122500000003989530000000001N311269000000000000000000000000000000000000000000000000000000000000000200525528000184                                                                                            69079020                                                            000056
1021805313900016900661 0 000000000000000000000000000001017282010001017282014                                     01NF001701772C22122500000003989530000000001N311269000000000000000000000000000000000000000000000000000000000000000200525528000184                                                                                            69079020                                                            000057
1021805313900016900661 0 000000000000000000000000000001017282040001017282049                                     01NF001701772C22122500000003989530000000001N311269000000000000000000000000000000000000000000000000000000000000000200525528000184                                                                                            69079020                                                            000058
1021805313900016900661 0 000000000000000000000000000001017282070001017282073                                     01NF001701772C22122500000003989530000000001N311269000000000000000000000000000000000000000000000000000000000000000200525528000184                                                                                            69079020                                                            000059
1021805313900016900661 0 000000000000000000000000000001017282100001017282103                                     01NF001701772C22122500000003989530000000001N311269000000000000000000000000000000000000000000000000000000000000000200525528000184                                                                                            69079020                                                            000060
1021805313900016900661 0 000000000000000000000000000001017282130001017282138                                     01NF001701772C22122500000003989530000000001N311269000000000000000000000000000000000000000000000000000000000000000200525528000184                                                                                            69079020                                                            000061
1021805313900016900661 0 000000000000000000000000000001017282160001017282162                                     01NF001701772C22122500000003989530000000001N311269000000000000000000000000000000000000000000000000000000000000000200525528000184                                                                                            69079020                                                            000062
1021805313900016900661 0 000000000000000000000000000001017282190001017282197                                     01NF001701772C22122500000003989530000000001N311269000000000000000000000000000000000000000000000000000000000000000200525528000184                                                                                            69079020                                                            000063
1021805313900016900661 0 000000000000000000000000000001017282280001017282286                                     01NF001701772C22122500000003989530000000001N311269000000000000000000000000000000000000000000000000000000000000000200525528000184                                                                                            69079020                                                            000064
1021805313900016900661 0 000000000000000000000000000001017282550001017282553                                     01NF001701772C22122500000003989530000000001N311269000000000000000000000000000000000000000000000000000000000000000200525528000184                                                                                            69079020                                                            000065
1021805313900016900661 0 000000000000000000000000000001017282580001017282588                                     01NF001701772C22122500000003989530000000001N311269000000000000000000000000000000000000000000000000000000000000000200525528000184                                                                                            69079020                                                            000066
1021805313900016900661 0 000000000000000000000000000001017282610001017282618                                     01NF001701772C22122500000003989530000000001N311269000000000000000000000000000000000000000000000000000000000000000200525528000184                                                                                            69079020                                                            000067
1021805313900016900661 0 000000000000000000000000000001017282640001017282642                                     01NF001701772C22122500000003989530000000001N311269000000000000000000000000000000000000000000000000000000000000000200525528000184                                                                                            69079020                                                            000068
1021805313900016900661 0 000000000000000000000000000001017282670001017282677                                     01NF001701772C22122500000003989530000000001N311269000000000000000000000000000000000000000000000000000000000000000200525528000184                                                                                            69079020                                                            000069
1021805313900016900661 0 000000000000000000000000000001017282700001017282707                                     01NF001701772C22122500000003989530000000001N311269000000000000000000000000000000000000000000000000000000000000000200525528000184                                                                                            69079020                                                            000070
1021805313900016900661 0 000000000000000000000000000001017282730001017282731                                     01NF001701772C22122500000003989530000000001N311269000000000000000000000000000000000000000000000000000000000000000200525528000184                                                                                            69079020                                                            000071
1021805313900016900661 0 000000000000000000000000000001017282760001017282766                                     01NF001701772C22122500000003989530000000001N311269000000000000000000000000000000000000000000000000000000000000000200525528000184                                                                                            69079020                                                            000072
1021805313900016900661 0 000000000000000000000000000001017282790001017282790                                     01NF001701772C22122500000003989530000000001N311269000000000000000000000000000000000000000000000000000000000000000200525528000184                                                                                            69079020                                                            000073
1021805313900016900661 0 000000000000000000000000000001017282820001017282820                                     01NF001701772C22122500000003989530000000001N311269000000000000000000000000000000000000000000000000000000000000000200525528000184                                                                                            69079020                                                            000074
1021805313900016900661 0 000000000000000000000000000001017282850001017282855                                     01NF001701772C22122500000003989530000000001N311269000000000000000000000000000000000000000000000000000000000000000200525528000184                                                                                            69079020                                                            000075
1021805313900016900661 0 000000000000000000000000000001017282880001017282880                                     01NF001701772C22122500000003989530000000001N311269000000000000000000000000000000000000000000000000000000000000000200525528000184                                                                                            69079020                                                            000076
1021805313900016900661 0 000000000000000000000000000001017282910001017282910                                     01NF001701772C22122500000003989530000000001N311269000000000000000000000000000000000000000000000000000000000000000200525528000184                                                                                            69079020                                                            000077
1021805313900016900661 0 000000000000000000000000000001017282940001017282944                                     01NF001701772C22122500000003989530000000001N311269000000000000000000000000000000000000000000000000000000000000000200525528000184                                                                                            69079020                                                            000078
1021805313900016900661 0 000000000000000000000000000001017282970001017282979                                     01NF001701772C22122500000003989530000000001N311269000000000000000000000000000000000000000000000000000000000000000200525528000184                                                                                            69079020                                                            000079
1021805313900016900661 0 000000000000000000000000000001017283000001017283002                                     01NF001701772C22122500000003989530000000001N311269000000000000000000000000000000000000000000000000000000000000000200525528000184                                                                                            69079020                                                            000080
1021805313900016900661 0 000000000000000000000000000001017283030001017283037                                     01NF001701772C22122500000003989530000000001N311269000000000000000000000000000000000000000000000000000000000000000200525528000184                                                                                            69079020                                                            000081
1021805313900016900661 0 000000000000000000000000000001017283060001017283061                                     01NF001701772C22122500000003989530000000001N311269000000000000000000000000000000000000000000000000000000000000000200525528000184                                                                                            69079020                                                            000082
1021805313900016900661 0 000000000000000000000000000001017283090001017283096                                     01NF001701772C22122500000003989530000000001N311269000000000000000000000000000000000000000000000000000000000000000200525528000184                                                                                            69079020                                                            000083
1021805313900016900661 0 000000000000000000000000000001017283120001017283126                                     01NF001701772C22122500000003989530000000001N311269000000000000000000000000000000000000000000000000000000000000000200525528000184                                                                                            69079020                                                            000084
1021805313900016900661 0 000000000000000000000000000001017283150001017283150                                     01NF001701772C22122500000003989530000000001N311269000000000000000000000000000000000000000000000000000000000000000200525528000184                                                                                            69079020                                                            000085
1021805313900016900661 0 000000000000000000000000000001017283250001017283258                                     01NF001701772C22122500000003989530000000001N311269000000000000000000000000000000000000000000000000000000000000000200525528000184                                                                                            69079020                                                            000086
1021805313900016900661 0 000000000000000000000000000001017283280001017283282                                     01NF001701772C22122500000003989530000000001N311269000000000000000000000000000000000000000000000000000000000000000200525528000184                                                                                            69079020                                                            000087
1021805313900016900661 0 000000000000000000000000000001017283310001017283312                                     01NF001701772C22122500000003989530000000001N311269000000000000000000000000000000000000000000000000000000000000000200525528000184                                                                                            69079020                                                            000088
1021805313900016900661 0 000000000000000000000000000001017283340001017283347                                     01NF001701772C22122500000003989530000000001N311269000000000000000000000000000000000000000000000000000000000000000200525528000184                                                                                            69079020                                                            000089
1021805313900016900661 0 000000000000000000000000000001017283370001017283371                                     01NF001701772C22122500000003989530000000001N311269000000000000000000000000000000000000000000000000000000000000000200525528000184                                                                                            69079020                                                            000090
1021805313900016900661 0 000000000000000000000000000001017283400001017283401                                     01NF001701772C22122500000003989530000000001N311269000000000000000000000000000000000000000000000000000000000000000200525528000184                                                                                            69079020                                                            000091
1021805313900016900661 0 000000000000000000000000000001017283430001017283436                                     01NF001701772C22122500000003989530000000001N311269000000000000000000000000000000000000000000000000000000000000000200525528000184                                                                                            69079020                                                            000092
1021805313900016900661 0 000000000000000000000000000001017283460001017283460                                     01NF001701772C22122500000003989530000000001N311269000000000000000000000000000000000000000000000000000000000000000200525528000184                                                                                            69079020                                                            000093
1021805313900016900661 0 000000000000000000000000000001017283490001017283495                                     01NF001701772C22122500000003989530000000001N311269000000000000000000000000000000000000000000000000000000000000000200525528000184                                                                                            69079020                                                            000094
1021805313900016900661 0 000000000000000000000000000001017283520001017283525                                     01NF001701772C22122500000003989530000000001N311269000000000000000000000000000000000000000000000000000000000000000200525528000184                                                                                            69079020                                                            000095
1021805313900016900661 0 000000000000000000000000000001017283550001017283550                                     01NF001701772C22122500000003989530000000001N311269000000000000000000000000000000000000000000000000000000000000000200525528000184                                                                                            69079020                                                            000096
1021805313900016900661 0 000000000000000000000000000001017283580001017283584                                     01NF001701772C22122500000003989530000000001N311269000000000000000000000000000000000000000000000000000000000000000200525528000184                                                                                            69079020                                                            000097
1021805313900016900661 0 000000000000000000000000000001017283610001017283614                                     01NF001701772C22122500000003989530000000001N311269000000000000000000000000000000000000000000000000000000000000000200525528000184                                                                                            69079020                                                            000098
1021805313900016900661 0 000000000000000000000000000001017283640001017283649                                     01NF001701772C22122500000003989530000000001N311269000000000000000000000000000000000000000000000000000000000000000200525528000184                                                                                            69079020                                                            000099
1021805313900016900661 0 000000000000000000000000000001017283670001017283673                                     01NF001701772C22122500000003989530000000001N311269000000000000000000000000000000000000000000000000000000000000000200525528000184                                                                                            69079020                                                            000100
1021805313900016900661 0 000000000000000000000000000001017283700001017283703                                     01NF001701772C22122500000003989530000000001N311269000000000000000000000000000000000000000000000000000000000000000200525528000184                                                                                            69079020                                                            000101
1021805313900016900661 0 000000000000000000000000000001017283730001017283738                                     01NF001701772C22122500000003989530000000001N311269000000000000000000000000000000000000000000000000000000000000000200525528000184                                                                                            69079020                                                            000102
1021805313900016900661 0 000000000000000000000000000001017283760001017283762                                     01NF001701772C22122500000003989530000000001N311269000000000000000000000000000000000000000000000000000000000000000200525528000184                                                                                            69079020                                                            000103
1021805313900016900661 0 000000000000000000000000000001017283790001017283797                                     01NF001701772C22122500000003989530000000001N311269000000000000000000000000000000000000000000000000000000000000000200525528000184                                                                                            69079020                                                            000104
1021805313900016900661 0 000000000000000000000000000001017283820001017283827                                     01NF001701772C22122500000003989530000000001N311269000000000000000000000000000000000000000000000000000000000000000200525528000184                                                                                            69079020                                                            000105
1021805313900016900661 0 000000000000000000000000000001017283850001017283851                                     01NF001701772C22122500000003989530000000001N311269000000000000000000000000000000000000000000000000000000000000000200525528000184                                                                                            69079020                                                            000106
1021805313900016900661 0 000000000000000000000000000001017283880001017283886                                     01NF001701772C22122500000003989530000000001N311269000000000000000000000000000000000000000000000000000000000000000200525528000184                                                                                            69079020                                                            000107
1021805313900016900661 0 000000000000000000000000000001017283910001017283916                                     01NF001701772C22122500000003989530000000001N311269000000000000000000000000000000000000000000000000000000000000000200525528000184                                                                                            69079020                                                            000108
1021805313900016900661 0 000000000000000000000000000001017283940001017283940                                     01NF001701772C22122500000003989530000000001N311269000000000000000000000000000000000000000000000000000000000000000200525528000184                                                                                            69079020                                                            000109
1021805313900016900661 0 000000000000000000000000000001017283970001017283975                                     01NF001701772C22122500000003989530000000001N311269000000000000000000000000000000000000000000000000000000000000000200525528000184                                                                                            69079020                                                            000110
1021805313900016900661 0 000000000000000000000000000001017284030001017284033                                     01NF001701772C22122500000003989530000000001N311269000000000000000000000000000000000000000000000000000000000000000200525528000184                                                                                            69079020                                                            000111
1021805313900016900661 0 000000000000000000000000000001017284060001017284068                                     01NF001701772C22122500000003989530000000001N311269000000000000000000000000000000000000000000000000000000000000000200525528000184                                                                                            69079020                                                            000112
1021805313900016900661 0 000000000000000000000000000001017284090001017284092                                     01NF001701772C22122500000003989530000000001N311269000000000000000000000000000000000000000000000000000000000000000200525528000184                                                                                            69079020                                                            000113
1021805313900016900661 0 000000000000000000000000000001017284120001017284122                                     01NF001701772C22122500000003989530000000001N311269000000000000000000000000000000000000000000000000000000000000000200525528000184                                                                                            69079020                                                            000114
1021805313900016900661 0 000000000000000000000000000001017284150001017284157                                     01NF001701772C22122500000003989530000000001N311269000000000000000000000000000000000000000000000000000000000000000200525528000184                                                                                            69079020                                                            000115
1021805313900016900661 0 000000000000000000000000000001017284190001017284190                                     01NF001701772C22122500000003989530000000001N311269000000000000000000000000000000000000000000000000000000000000000200525528000184                                                                                            69079020                                                            000116
1021805313900016900661 0 000000000000000000000000000001017284230001017284238                                     01NF001701772C22122500000003989530000000001N311269000000000000000000000000000000000000000000000000000000000000000200525528000184                                                                                            69079020                                                            000117
1021805313900016900661 0 000000000000000000000000000001017284260001017284262                                     01NF001701772C22122500000003989530000000001N311269000000000000000000000000000000000000000000000000000000000000000200525528000184                                                                                            69079020                                                            000118
1021805313900016900661 0 000000000000000000000000000001017284290001017284297                                     01NF001701772C22122500000003989530000000001N311269000000000000000000000000000000000000000000000000000000000000000200525528000184                                                                                            69079020                                                            000119
1021805313900016900661 0 000000000000000000000000000001017284340001017284343                                     01NF001701772C22122500000003989530000000001N311269000000000000000000000000000000000000000000000000000000000000000200525528000184                                                                                            69079020                                                            000120
1021805313900016900661 0 000000000000000000000000000001017284370001017284378                                     01NF001701772C22122500000003989530000000001N311269000000000000000000000000000000000000000000000000000000000000000200525528000184                                                                                            69079020                                                            000121
1021805313900016900661 0 000000000000000000000000000001017284400001017284408                                     01NF001701772C22122500000003989530000000001N311269000000000000000000000000000000000000000000000000000000000000000200525528000184                                                                                            69079020                                                            000122
1021805313900016900661 0 000000000000000000000000000001017284430001017284432                                     01NF001701772C22122500000003989530000000001N311269000000000000000000000000000000000000000000000000000000000000000200525528000184                                                                                            69079020                                                            000123
1021805313900016900661 0 000000000000000000000000000001017284470001017284475                                     01NF001701772C22122500000003989530000000001N311269000000000000000000000000000000000000000000000000000000000000000200525528000184                                                                                            69079020                                                            000124
1021805313900016900661 0 000000000000000000000000000001017284520001017284521                                     01NF001701772C22122500000003989530000000001N311269000000000000000000000000000000000000000000000000000000000000000200525528000184                                                                                            69079020                                                            000125
1021805313900016900661 0 000000000000000000000000000001017284550001017284556                                     01NF001701772C22122500000003989530000000001N311269000000000000000000000000000000000000000000000000000000000000000200525528000184                                                                                            69079020                                                            000126
9                                                                                                                                                                                                                                                                                                                                                                                                         000127