01REMESSA01COBRANCA       00000000000000197033MELO COMERCIO                 237BRADESCO       140126        MX0000002                                                                                                                                                                                                                                                                                     000001
10218053139000169000000000000005277140900000527714000000000000             000000000000021000            9  010NF254595A17120700000000210000000000001N140126000000000000000000000000000000000000000000000000000000000000000207763124000178                                                                                            69058581                                                            000002
10218053139000169000000000001006980740900100698074000000000000             000000000000027156            9  01AC1201304030051300000000271560000000001N140126000000000000000000000000000000000000000000000000000000000000000210316849000122                                                                                            69037561                                                            000003
9                                                                                                                                                                                                                                                                                                                                                                                                         000004
