02RETORNO01COBRANCA       00000000000000197033MELO DISTRIBUIDORA DE PECAS LT237BRADESCO       3110250160000004780                                                                                                                                                                                                                                                                          031125         000001
102046183020001890000009023680000338727183101873192           000000000000076941400000000000000000000000000902311025NF0014008200000000000007694140281125000000011550023700320  000000000032000000000000000000000000000000000000000000000000000000000000000000000000000000000000000000000000000000000                          0000000000                                                                  000002
102046183020001890000009023680000338701250101873372           000000000000076941590000000000000000000000000902311025NF0014009100000000000007694159281125000000013800023700320  000000000032000000000000000000000000000000000000000000000000000000000000000000000000000000000000000000000000000000000                          0000000000                                                                  000003
102046183020001890000009023680000338701250101873373           000000000000076941670000000000000000000000000902311025NF0014009100000000000007694167281225000000013800023700320  000000000032000000000000000000000000000000000000000000000000000000000000000000000000000000000000000000000000000000000                          0000000000                                                                  000004
102046183020001890000009023680000338729663101873735           000000000000076941750000000000000000000000000902311025NF0014010500000000000007694175141125000000002240023700320  000000000032000000000000000000000000000000000000000000000000000000000000000000000000000000000000000000000000000000000                          0000000000                                                                  000005
102046183020001890000009023680000338729663101873772           000000000000076941830000000000000000000000000902311025NF0014010800000000000007694183191125000000007737923700320  000000000032000000000000000000000000000000000000000000000000000000000000000000000000000000000000000000000000000000000                          0000000000                                                                  000006
102046183020001890000009023680000338729663101873773           000000000000076941910000000000000000000000000902311025NF0014010800000000000007694191091225000000007737923700320  000000000032000000000000000000000000000000000000000000000000000000000000000000000000000000000000000000000000000000000                          0000000000                                                                  000007
102046183020001890000009023680000338729663101873774           000000000000076942050000000000000000000000000902311025NF0014010800000000000007694205291225000000007737923700320  000000000032000000000000000000000000000000000000000000000000000000000000000000000000000000000000000000000000000000000                          0000000000                                                                  000008
102046183020001890000009023680000338729663101873775           000000000000076942130000000000000000000000000902311025NF0014010800000000000007694213180126000000007737923700320  000000000032000000000000000000000000000000000000000000000000000000000000000000000000000000000000000000000000000000000                          0000000000                                                                  000009
102046183020001890000009023680000338727529101873783           000000000000076942210000000000000000000000000902311025NF0014010900000000000007694221291125000000004750023700320  000000000032000000000000000000000000000000000000000000000000000000000000000000000000000000000000000000000000000000000                          0000000000                                                                  000010
102046183020001890000009023680000338727529101873784           0000000000000769423P0000000000000000000000000902311025NF001401090000000000000769423P291225000000004750023700320  000000000032000000000000000000000000000000000000000000000000000000000000000000000000000000000000000000000000000000000                          0000000000                                                                  000011
102046183020001890000009023680000338729663101873905           000000000000076942480000000000000000000000000902311025NF0014011400000000000007694248141125000000002370223700320  000000000032000000000000000000000000000000000000000000000000000000000000000000000000000000000000000000000000000000000                          0000000000                                                                  000012
102046183020001890000009023680000338727183101874226           000000000000076942560000000000000000000000000902311025NF0014013000000000000007694256301125000000011725223700320  000000000032000000000000000000000000000000000000000000000000000000000000000000000000000000000000000000000000000000000                          0000000000                                                                  000013
102046183020001890000009023680000338727183101874227           000000000000076942640000000000000000000000000902311025NF0014013000000000000007694264301225000000011725223700320  000000000032000000000000000000000000000000000000000000000000000000000000000000000000000000000000000000000000000000000                          0000000000                                                                  000014
102046183020001890000009023680000338703030101874244           000000000000076942720000000000000000000000000902311025NF0014013100000000000007694272211125000000001872523700320  000000000032000000000000000000000000000000000000000000000000000000000000000000000000000000000000000000000000000000000                          0000000000                                                                  000015
102046183020001890000009023680000338703030101874245           000000000000076942800000000000000000000000000902311025NF0014013100000000000007694280051225000000001872523700320  000000000032000000000000000000000000000000000000000000000000000000000000000000000000000000000000000000000000000000000                          0000000000                                                                  000016
102046183020001890000009023680000338727183101874320           000000000000076942990000000000000000000000000902311025NF0014013500000000000007694299301125000000003200023700320  000000000032000000000000000000000000000000000000000000000000000000000000000000000000000000000000000000000000000000000                          0000000000                                                                  000017
102046183020001890000009023680000338729663101874552           000000000000076943020000000000000000000000000902311025NF0014014600000000000007694302151125000000002980023700320  000000000032000000000000000000000000000000000000000000000000000000000000000000000000000000000000000000000000000000000                          0000000000                                                                  000018
102046183020001890000009023680000338727183101874597           000000000000076943100000000000000000000000000902311025NF0014014800000000000007694310301125000000012946823700320  000000000032000000000000000000000000000000000000000000000000000000000000000000000000000000000000000000000000000000000                          0000000000                                                                  000019
102046183020001890000009023680000338700044101834746           000000000000076851920000000000000000000000000906311025NF0013836200000000000007685192311025000000010367334107163  000000000000000000000000000000000000000000000000000000000000000000000000000000000000010367300000000000000000000000000   031125             00000000000000                                                                  000020
102046183020001890000009023680000338703030101860348           000000000000076910520000000000000000000000000906311025NF0013950400000000000007691052031125000000003045075603352  000000000000000000000000000000000000000000000000000000000000000000000000000000000000003045000000000000000000000000000   031125             00000000000000                                                                  000021
102046183020001890000009023680000338700044101861570           000000000000076913460000000000000000000000000906311025NF0013955500000000000007691346311025000000019091034107163  000000000000000000000000000000000000000000000000000000000000000000000000000000000000019091000000000000000000000000000   031125             00000000000000                                                                  000022
102046183020001890000009023680000338727529101861619           000000000000076913970000000000000000000000000906311025NF0013955700000000000007691397311025000000003200034106426  000000000000000000000000000000000000000000000000000000000000000000000000000000000000003200000000000000000000000000000   031125             00000000000000                                                                  000023
102046183020001890000009023680000338727183101861719           000000000000076914350000000000000000000000000906311025NF0013956200000000000007691435311025000000045910634101410  000000000000000000000000000000000000000000000000000000000000000000000000000000000000045910600000000000000000000000000   031125             00000000000000                                                                  000024
102046183020001890000009023680000338703030101862626           000000000000076916130000000000000000000000000906311025NF0013960500000000000007691613021125000000003780008100001  000000000000000000000000000000000000000000000000000000000000000000000000000000000000003780000000000000000000000000000   031125             00000000000000                                                                  000025
102046183020001890000009023680000338700044101863457           000000000000076918770000000000000000000000000906311025NF0013963900000000000007691877311025000000006475234107163  000000000000000000000000000000000000000000000000000000000000000000000000000000000000006475200000000000000000000000000   031125             00000000000000                                                                  000026
102046183020001890000009023680000338703030101867013           000000000000076926790000000000000000000000000906311025NF0013980100000000000007692679031125000000002732508100001  000000000000000000000000000000000000000000000000000000000000000000000000000000000000002732500000000000000000000000000   031125             00000000000000                                                                  000027
9201237          000004450000010300439600004780          00018000001305340000000946016000080000009460160000000000000000000000000000000000000000000000000000000000000000000000000000000000000                                                                                                                                                                              00000000000000000000000         000028
